@Book{braunwald_heart,
  author =       {Braunwald, Eugene},
  title =        {Heart disease : a textbook of cardiovascular medicine},
  year =         2001,
  publisher =    {Saunders},
  address =      {Philadelphia},
  isbn =         0808922580,
}

@book{eglite_anatomija,
  publisher =    {LU Akadēmiskais apgāds},
  isbn =         9789984451527,
  year =         2012,
  title =        {Anatomija : mācību līdzeklis bioloģijas, pedagoģijas,
                  optometrijas, farmācijas un citās nemedicīnas studiju
                  programmās / Kamita Eglīte.},
  language =     {lav},
  address =      {Rīga},
  author =       {Eglīte, Kamita},
  keywords =     {Anatomija -- Mācību līdzekļi augstskolām},
}

@book{elsevier_anatomy,
  publisher =    {Elsevier Churchill Livingstone},
  isbn =         0443071683,
  year =         2005,
  title =        {Gray's anatomy : the anatomical basis of clinical practice.},
  edition =      {39th ed. / editor-in-chief Susan Standring ; lead editors,
                  Harold Ellis ... [et al.] ; editors, Barry K.B. Berkovitz ...
                  [et al.].},
  language =     {eng},
  address =      {Edinburgh [etc.]},
  keywords =     {Anatomija; Cilvēka anatomija},
}

@article{david_flow_arteries,
  author =       {David N. Ku},
  title =        {Blood Flow in Arteries},
  journal =      {Annual Review of Fluid Mechanics},
  volume =       29,
  number =       1,
  pages =        {399-434},
  year =         1997,
  doi =          {10.1146/annurev.fluid.29.1.399},
  url =          {https://doi.org/10.1146/annurev.fluid.29.1.399},
  DATE_ADDED =   {Mon Apr 1 16:04:21 2019},
}

@online{OpenFOAM_FVM,
  author = {OpenCFD Ltd},
  title = {OpenFOAM numerical schemes},
  year = 2018,
  url = {https://web.archive.org/web/20190323023136/https://www.openfoam.com/documentation/user-guide/fvSchemes.php},
  urldate = {2019-05-07}
}

@Book{introduction_CFD_FVM,
  author =       {Versteeg, H. K},
  title =        {An introduction to computational fluid dynamics : the finite
  volume method},
  year =         2007,
  publisher =    {Pearson Education Ltd},
  address =      {Harlow, United Kingdom},
  isbn =         9780131274983,
}

@Book{introduction_fluid_dynamics,
  author =       {Batchelor, G. K},
  title =        {An introduction to fluid dynamics},
  year =         2000,
  publisher =    {Cambridge University Press},
  address =      {Cambridge, United Kingdom},
  isbn =         0521663962,
}